Automatically generated by Mendeley Desktop 1.16.3
Any changes to this file will be lost if it is regenerated by Mendeley.

BibTeX export options can be customized via Options -> BibTeX in Mendeley Desktop

@article{Sang2003,
abstract = {We describe the CoNLL-2003 shared task: language-independent named entity recognition. We give background information on the data sets (English and German) and the evaluation method, present a general overview of the systems that have taken part in the task and discuss their performance.},
archivePrefix = {arXiv},
arxivId = {cs/0306050},
author = {Sang, Erik F. Tjong Kim and {De Meulder}, Fien},
doi = {10.3115/1119176.1119195},
eprint = {0306050},
file = {:C$\backslash$:/Users/Noam/Downloads/papers/W03-0419.pdf:pdf},
journal = {CONLL '03 Proceedings of the seventh conference on Natural language learning at HLT-NAACL 2003},
pages = {142--147},
primaryClass = {cs},
title = {{Introduction to the CoNLL-2003 Shared Task: Language-Independent Named Entity Recognition}},
url = {http://arxiv.org/abs/cs/0306050},
volume = {4},
year = {2003}
}
@article{Mikolov2010c,
abstract = {基于RNN模型的语言模型，详细可参考作者的博士论文。周期神经网络。但是上下文，也没用取全部的，只取到了前5个。},
author = {Mikolov, T and Karafiat, M and Burget, L and Cernocky, J and Khudanpur, S},
file = {:C$\backslash$:/Users/Noam/Downloads/papers/mikolov{\_}interspeech2010{\_}IS100722.pdf:pdf},
journal = {Interspeech},
number = {September},
pages = {1045--1048},
title = {{Recurrent Neural Network based Language Model}},
year = {2010}
}
@article{Munich2004c,
author = {Graves, Alex and Schmidhuber, Jurgen},
doi = {10.1016/j.neunet.2005.06.042},
file = {:C$\backslash$:/Users/Noam/Downloads/papers/nn{\_}2005.pdf:pdf},
issn = {08936080},
title = {{Framewise Phoneme Classification with Bidirectional LSTM and Other Neural Network Architectures}},
year = {2004}
}
