-- NED related --



@inproceedings{guo2014entity,
	title={Entity linking with a unified semantic representation},
	author={Guo, Zhaochen and Barbosa, Denilson},
	booktitle={Proceedings of the 23rd International Conference on World Wide Web},
	pages={1305--1310},
	year={2014},
	organization={ACM}
}

@inproceedings{ratinov2011local,
	title={Local and global algorithms for disambiguation to wikipedia},
	author={Ratinov, Lev and Roth, Dan and Downey, Doug and Anderson, Mike},
	booktitle={Proceedings of the 49th Annual Meeting of the Association for Computational Linguistics: Human Language Technologies-Volume 1},
	pages={1375--1384},
	year={2011},
	organization={Association for Computational Linguistics}
}

@inproceedings{pershina2015personalized,
	title={Personalized Page Rank for named entity disambiguation},
	author={Pershina, Maria and He, Yifan and Grishman, Ralph},
	booktitle={Proc. 2015 Annual Conference of the North American Chapter of the ACL, NAACL HLT},
	volume={14},
	pages={238--243},
	year={2015}
}

@techreport{singh12:wiki-links,
	author    = "Sameer Singh and Amarnag Subramanya and Fernando Pereira and Andrew McCallum",
	title     = "Wikilinks: A Large-scale Cross-Document Coreference Corpus Labeled via Links to {Wikipedia}",
	institute = "University of Massachusetts, Amherst",
	number    = "UM-CS-2012-015",
	year      = "2012"
}

@inproceedings{hoffart2011robust,
	title={Robust disambiguation of named entities in text},
	author={Hoffart, Johannes and Yosef, Mohamed Amir and Bordino, Ilaria and F{\"u}rstenau, Hagen and Pinkal, Manfred and Spaniol, Marc and Taneva, Bilyana and Thater, Stefan and Weikum, Gerhard},
	booktitle={Proceedings of the Conference on Empirical Methods in Natural Language Processing},
	pages={782--792},
	year={2011},
	organization={Association for Computational Linguistics}
}

-- Deep Learing related --


@article{cho2014learning,
	title={Learning phrase representations using RNN encoder-decoder for statistical machine translation},
	author={Cho, Kyunghyun and Van Merri{\"e}nboer, Bart and Gulcehre, Caglar and Bahdanau, Dzmitry and Bougares, Fethi and Schwenk, Holger and Bengio, Yoshua},
	journal={arXiv preprint arXiv:1406.1078},
	year={2014}
}

@inproceedings{krizhevsky2012imagenet,
	title={Imagenet classification with deep convolutional neural networks},
	author={Krizhevsky, Alex and Sutskever, Ilya and Hinton, Geoffrey E},
	booktitle={Advances in neural information processing systems},
	pages={1097--1105},
	year={2012}
}

@article{bahdanau2014neural,
	title={Neural machine translation by jointly learning to align and translate},
	author={Bahdanau, Dzmitry and Cho, Kyunghyun and Bengio, Yoshua},
	journal={arXiv preprint arXiv:1409.0473},
	year={2014}
}

-- General --



@inproceedings{gabrilovich2007computing,
  title={Computing semantic relatedness using Wikipedia-based explicit semantic analysis.},
  author={Gabrilovich, Evgeniy and Markovitch, Shaul},
  booktitle={IJcAI},
  volume={7},
  pages={1606--1611},
  year={2007}
}

@inproceedings{khalid2008impact,
	title={The impact of named entity normalization on information retrieval for question answering},
	author={Khalid, Mahboob Alam and Jijkoun, Valentin and De Rijke, Maarten},
	booktitle={European Conference on Information Retrieval},
	pages={705--710},
	year={2008},
	organization={Springer}
}

@inproceedings{dalton2014entity,
	title={Entity query feature expansion using knowledge base links},
	author={Dalton, Jeffrey and Dietz, Laura and Allan, James},
	booktitle={Proceedings of the 37th international ACM SIGIR conference on Research \& development in information retrieval},
	pages={365--374},
	year={2014},
	organization={ACM}
}